@book{Schneider+2003,
url = {https://doi.org/10.1515/9783110929553},
title = "{Diminutives in English}",
author = {Klaus P. Schneider},
publisher = {Max Niemeyer Verlag},
address = {Berlin, Boston},
doi = {doi:10.1515/9783110929553},
isbn = {9783110929553},
year = {2003}
}

@incollection{DeBelder+etal+2014,
url = {https://doi.org/10.1093/acprof:oso/9780199665266.003.0007},
author = {De Belder, Marijke and Faust, Noam and Lampitelli, Nicola},
title = "{On a low and a high diminutive: Evidence from Italian and Hebrew}",
booktitle = {The Syntax of Roots and the Roots of Syntax},
editor = {Alexiadou, Artemis and Borer, Hagit and Schäfer, Florian},
publisher = {Oxford University Press},
doi = {10.1093/acprof:oso/9780199665266.003.0007},
isbn = {9780199665266},
year = {2014},
month = {11},
abstract = "{This chapter uses evidence from Italian and Modern Hebrew to argue for two different positions for diminutives. The first one is in the functional domain of the noun. The second one directly merges with the root. Therefore, it can occur below categorial heads. The two positions differ with respect to i) productivity, ii) compositionality of meaning, and iii) strategy of word-formation. These effects are defined in terms of syntactic structure.}",
}

@book{Embick+2015,
url = {https://doi.org/10.1515/9781501502569},
title = {The Morpheme: A Theoretical Introduction},
author = {David Embick},
publisher = {De Gruyter Mouton},
address = {Berlin, München, Boston},
doi = {doi:10.1515/9781501502569},
isbn = {9781501502569},
year = {2015},
}

@incollection{Booij+2000,
author = {Geert Booij},
title = {Inflection and Derivation},
url = {https://doi.org/10.1515/9783110111286.1},
booktitle = "{Morphologie: Ein internationales Handbuch zur Flexion und Wortbildung}",
editor = {Geert E. Booij and Christian Lehmann and Joachim Mugdan},
publisher = {De Gruyter Mouton},
address = {Berlin • New York},
doi = {doi:10.1515/9783110111286.1},
isbn = {9783110194012},
year = {2000},
lastchecked = {2023-01-23}
}

@article{VanderHulst+2008,
title = {The Dutch diminutive},
journal = {Lingua},
volume = {118},
number = {9},
pages = {1288-1306},
year = {2008},
issn = {0024-3841},
doi = {https://doi.org/10.1016/j.lingua.2007.09.012},
url = {https://www.sciencedirect.com/science/article/pii/S0024384107002173},
author = {Harry {van der Hulst}},
}

@incollection{DeBelder+2022,
url = {https://doi.org/10.1075/slcs.223},
author = {Marijke {De Belder}},
title = "{The extravagant Dutch suffix -ke and its meandering through the interfaces}",
booktitle = {Extravagant Morphology: Studies in rule-bending, pattern-extending and theory-challenging morphology},
editor = {Eitelmann, Matthias and Haumann, Dagmar},
publisher = {John Benjamins},
doi = {https://doi.org/10.1075/slcs.223},
isbn = {9789027257956},
year = {2022},
}

@article{Brysbaert+etal+2016,
title = "{The impact of word prevalence on lexical decision times: Evidence from the Dutch Lexicon Project 2}",
journal = "{Journal of Experimental Psychology. Human Perception and Performance}",
volume = {42},
number = {3},
pages = {441-458},
year = {2016},
issn = {0024-3841},
doi = {https://doi.org/10.1037/xhp0000159},
author = {Brysbaert, Marc and Stevens, Michaël and Mandera, Paweł and Keuleers, Emmanuel},
}

@article{vanHeuven+etal+2014,
author = {Walter J. B. van Heuven and Pawel Mandera and Emmanuel Keuleers and Marc Brysbaert},
title ={Subtlex-{UK}: A New and Improved Word Frequency Database for {British English}},
journal = {Quarterly Journal of Experimental Psychology},
volume = {67},
number = {6},
pages = {1176-1190},
year = {2014},
doi = {10.1080/17470218.2013.850521},
}

@book{Winter+2019,
title = {Statistics for Linguists: An Introduction Using {R}},
author = {Bodo Winter},
publisher = {Routledge},
doi = {10.4324/9781315165547},
year = {2019}
}

@article{DeBelder+2011a,
author = {Marijke {De Belder}},
title ={A morphosyntactic decomposition of countability in {Germanic}},
journal = {The Journal of Comparative Germanic Linguistics},
volume = {14},
number = {3},
pages = {173-202},
year = {2011},
doi = {10.1007/s10828-011-9045-0},
}

@incollection{Wiltschko+2006,
url = {https://doi.org/10.1515/9783110892994.669},
title = {Why should diminutives count?},
booktitle = {Organizing Grammar: Linguistic Studies in Honor of {Henk van Riemsdijk}},
author = {Martina Wiltschko},
editor = {Broekhuis, Hans and Corver, Norbert and Huybregts, Riny and Kleinhenz, Ursula and Koster, Jan},
publisher = {De Gruyter Mouton},
address = {Berlin, Boston},
pages = {669-678},
doi = {doi:10.1515/9783110892994.669},
isbn = {9783110892994},
year = {2006}
}

@article{Alexiadou+Lohndal,
author = {Alexiadou, Artemis and Lohndal, Terje},
title = {Germanic diminutives: A case study of a gap in {Norwegian}},
journal = {The Journal of Comparative Germanic Linguistics},
year = {In print},
}

@incollection{DeBelder+2008,
author = {Marijke {De Belder}},
title = {Size Matters: Towards a Syntactic Decomposition of Countability},
pages = {116-122},
booktitle = {Proceedings of the 27th West Coast Conference on Formal Linguistics},
editor = {Abner, Natasha and Bishop, Jason},
publisher = {Cascadilla Proceedings Project},
isbn = {9781574734287},
year = {2008},
}

@book{DeBelder+2011b,
title = {Roots and affixes: eliminating lexical categories from syntax},
author = {Marijke {De Belder}},
publisher = {LOT Publications},
year = {2011},
note = {Doctoral thesis}
}

@article{Stockall+Marantz2006,
author = {Stockall, Linnaea and Marantz, Alec},
title = {A single route, full decomposition model of morphological complexity: {MEG} evidence}, 
journal= {The Mental Lexicon},
year = {2006},
volume = {1},
number = {1},
pages = {85-123},
doi = {10.1075/ml.1.1.07sto},
publisher = {John Benjamins}
}

@article{Fruchter+etal+2013,
author = {Fruchter, Joseph and Stockall, Linnaea and Marantz, Alec},   
title = {{MEG} masked priming evidence for form-based decomposition of irregular verbs},      
journal = {Frontiers in Human Neuroscience},      
volume = {7},
pages = {1-16},        
year = {2013},            
doi = {10.3389/fnhum.2013.00798} 
}

@article{Fruchter+Marantz+2015,
title = {Decomposition, lookup, and recombination: MEG evidence for the Full Decomposition model of complex visual word recognition},
journal = {Brain and Language},
volume = {143},
pages = {81-96},
year = {2015},
issn = {0093-934X},
doi = {10.1016/j.bandl.2015.03.001},
author = {Fruchter, Joseph and Marantz, Alec}
}

@article{Taft+2004,
author = {Marcus Taft},
title ={Morphological Decomposition and the Reverse Base Frequency Effect},
journal = {The Quarterly Journal of Experimental Psychology},
volume = {57},
number = {4},
pages = {745-765},
year = {2004},
doi = {10.1080/02724980343000477}
}

@article{Taft+1979,
author = {Marcus Taft},
title ={Recognition of affixed words and the word frequency effect},
journal = {Memory \& Cognition},
volume = {7},
number = {4},
pages = {263-272},
year = {1979},
doi = {10.3758/BF03197599}
}

@manual{dplyr+2022,
title = {dplyr: A Grammar of Data Manipulation},
author = {Wickham, Hadley and François, Romain and Henry, Lionel and Müller, Kirill},
year = {2022},
note = {R package version 1.0.10},
url = {https://CRAN.R-project.org/package=dplyr},
}

@Manual{readr+2022,
title = {readr: Read Rectangular Text Data},
author = {Hadley Wickham and Jim Hester and Jennifer Bryan},
year = {2022},
note = {R package version 2.1.3},
url = {https://CRAN.R-project.org/package=readr},
}

@article{lme4+2015,
title = {Fitting Linear Mixed-Effects Models Using {lme4}},
author = {Douglas Bates and Martin M{\"a}chler and Ben Bolker and Steve Walker},
journal = {Journal of Statistical Software},
year = {2015},
volume = {67},
number = {1},
pages = {1--48},
doi = {10.18637/jss.v067.i01},
}

@book{car+2019,
title = {An {R} Companion to Applied Regression},
edition = {Third},
author = {John Fox and Sanford Weisberg},
year = {2019},
publisher = {Sage},
address = {Thousand Oaks {CA}},
url = {https://socialsciences.mcmaster.ca/jfox/Books/Companion/},
}

@book{ggplot2+2016,
author = {Hadley Wickham},
title = {{g}gplot2: Elegant Graphics for Data Analysis},
publisher = {Springer-Verlag New York},
year = {2016},
isbn = {978-3-319-24277-4},
url = {https://ggplot2.tidyverse.org},
}

@manual{effsize+2020,
title = {effsize: Efficient Effect Size Computation},
author = {Marco Torchiano},
year = {2020},
note = {R package version 0.8.1},
doi = {10.5281/zenodo.1480624},
url = {https://CRAN.R-project.org/package=effsize},
}

@manual{MuMIn+2022,
title = {Mu{MI}n: Multi-Model Inference},
author = {Kamil Barto{ń}},
year = {2022},
note = {R package version 1.47.1},
url = {https://CRAN.R-project.org/package=MuMIn},
}

@article{Yarkoni+etal+2008,
title = "{Moving beyond Coltheart’s N: A new measure of orthographic similarity}",
journal = "{Psychonomic Bulletin \& Review}",
volume = {15},
number = {5},
pages = {971-979},
year = {2008},
issn = {1531-5320},
doi = {10.3758/PBR.15.5.971},
author = {Yarkoni, Tal and Balota, David and Yap, Melvin},
}

@article{Keuleers+etal+2010a,
title = "{SUBTLEX-NL: A new measure for Dutch word frequency based on film subtitles}",
journal = "{Behavior Research Methods}",
volume = {42},
number = {3},
pages = {643-650},
year = {2010},
issn = {1554-3528},
doi = {10.3758/BRM.42.3.643},
author = {Keuleers, Emmanuel and Brysbaert, Marc and New, Boris},
}

@article{Brysbaert+etal+2014,
title = "{Norms of age of acquisition and concreteness for 30,000 Dutch words}",
journal = {Acta Psychologica},
volume = {150},
pages = {80-84},
year = {2014},
issn = {0001-6918},
doi = {10.1016/j.actpsy.2014.04.010},
author = {Marc Brysbaert and Michaël Stevens and Simon {De Deyne} and Wouter Voorspoels and Gert Storms},
}

@article{Keuleers+etal+2015,
title = "{Word knowledge in the crowd: Measuring vocabulary size and word prevalence in a massive online experiment}",
journal = "{Quarterly journal of experimental psychology}",
volume = {68},
number = {8},
pages = {1665-1692},
year = {2015},
issn = {1747-0226},
doi = {10.1080/17470218.2015.1022560},
author = {Keuleers, Emmanuel and Stevens, Michaël and Mandera, Paweł and Brysbaert, Marc},
}

@book{Scalise+1986,
title = {Generative Morphology},
author = {Sergio Scalise},
publisher = {De Gruyter Mouton},
address = {Berlin, Boston},
doi = {doi:10.1515/9783110877328},
isbn = {9783110877328},
year = {1986}
}

@Manual{RStudio, 
title = {RStudio: Integrated Development Environment for R}, 
author = {{RStudio Team}}, 
organization = {RStudio, PBC.}, 
address = {Boston, MA}, 
year = {2020}, 
url = {http://www.rstudio.com/}
}

@Manual{rlang,
title = {R: A Language and Environment for Statistical Computing},
author = {{R Core Team}},
organization = {R Foundation for Statistical Computing},
address = {Vienna, Austria},
year = {2022},
url = {https://www.R-project.org/},
}

@Manual{sjplot+2022,
title = {sjPlot: Data Visualization for Statistics in Social Science},
author = {Daniel Lüdecke},
year = {2022},
note = {R package version 2.8.12},
url = {https://CRAN.R-project.org/package=sjPlot},
}

@article{Keuleers+etal+2010b,
author = {Keuleers, Emmanuel and Diependaele, Kevin and Brysbaert, Marc},
title = {Practice Effects in Large-Scale Visual Word Recognition Studies: A Lexical Decision Study on 14,000 {Dutch} Mono- and Disyllabic Words and Nonwords},      
journal = {Frontiers in Psychology},      
volume = {1},      
year = {2010},      
url = {https://www.frontiersin.org/article/10.3389/fpsyg.2010.00174},       
doi = {10.3389/fpsyg.2010.00174},      
issn = {1664-1078}   
}

@article{Vandekerckhove+2005,
issn = {0167-8507},
journal = {Multilingua},
pages = {379--397},
volume = {24},
publisher = {Walter de Gruyter},
number = {4},
year = {2005},
title = {{B}elgian {D}utch versus {N}etherlandic {D}utch: New patterns of divergence? {O}n pronouns of address and diminutives},
author = {Vandekerckhove, Reinhild}
}

@misc{taalportaal, 
author = {van der Wouden, Ton and Booij, Geert},
title = {{Nominal suffixation: diminutives}}, 
url = {https://taalportaal.org/taalportaal/topic/pid/topic-14419054123420388},
month = {05},
year = {2020},
note = {Retrieved February 07, 2023}
}

@incollection{Booij+1998,
author = {Booij, Geert},
year = {1998},
month = {01},
pages = {143--163},
title = {Phonological output constraints in morphology},
booktitle = "{Phonology and Morphology of the Germanic Languages}",
editor = {Wiese, Richard and Kehrein, Wolfgang},
isbn = {9783110919769},
doi = {10.1515/9783110919769.143},
publisher = {Niemeyer}
}